@article{EPRINT:AlbDowJon23,
    author       = {Martin R. Albrecht and
    Benjamin Dowling and
    Daniel Jones},
    title        = {Device-Oriented Group Messaging: {A} Formal Cryptographic Analysis
    of Matrix' Core},
    journal      = {{IACR} Cryptol. ePrint Arch.},
    pages        = {1300},
    year         = {2023},
    url          = {https://eprint.iacr.org/2023/1300}
}

@article{EPRINT:AlwMulTse23,
    author       = {Jo{\"{e}}l Alwen and
    Marta Mularczyk and
    Yiannis Tselekounis},
    title        = {Fork-Resilient Continuous Group Key Agreement},
    journal      = {{IACR} Cryptol. ePrint Arch.},
    pages        = {394},
    year         = {2023},
    url          = {https://eprint.iacr.org/2023/394}
}

@article{EPRINT:ANPP23,
    author       = {Benedikt Auerbach and
    Miguel Cueto Noval and
    Guillermo Pascual{-}Perez and
    Krzysztof Pietrzak},
    title        = {On the Cost of Post-Compromise Security in Concurrent Continuous Group-Key
    Agreement},
    journal      = {{IACR} Cryptol. ePrint Arch.},
    pages        = {1123},
    year         = {2023},
    url          = {https://eprint.iacr.org/2023/1123}
}

@inproceedings{SP:AlbDowJon24,
    author       = {Martin R. Albrecht and
    Benjamin Dowling and
    Daniel Jones},
    title        = {Device-Oriented Group Messaging: {A} Formal Cryptographic Analysis
    of Matrix' Core},
    booktitle    = {45rd {IEEE} Symposium on Security and Privacy, {SP} 2024, San Francisco,
    CA, USA, 2024},
    publisher    = {{IEEE}},
    year         = {2024}
}

@inproceedings{USENIX:BalColVau23,
    author       = {David Balb{\'{a}}s and
    Daniel Collins and
    Serge Vaudenay},
    editor       = {Joseph A. Calandrino and
    Carmela Troncoso},
    title        = {Cryptographic Administration for Secure Group Messaging},
    booktitle    = {32nd {USENIX} Security Symposium, {USENIX} Security 2023, Anaheim,
    CA, USA, August 9-11, 2023},
    pages        = {1253--1270},
    publisher    = {{USENIX} Association},
    year         = {2023}
}

@inproceedings{USENIX:WPBB23,
    author       = {Th{\'{e}}ophile Wallez and
    Jonathan Protzenko and
    Benjamin Beurdouche and
    Karthikeyan Bhargavan},
    editor       = {Joseph A. Calandrino and
    Carmela Troncoso},
    title        = {TreeSync: Authenticated Group Management for Messaging Layer Security},
    booktitle    = {32nd {USENIX} Security Symposium, {USENIX} Security 2023, Anaheim,
    CA, USA, August 9-11, 2023},
    pages        = {1217--1233},
    publisher    = {{USENIX} Association},
    year         = {2023}
}